
<record>
  <controlfield tag="001">1253360</controlfield>
  <datafield tag="024" ind1="7" ind2=" ">
    <subfield code="2">DOI</subfield>
    <subfield code="9">bibmatch</subfield>
    <subfield code="a">10.1103/PhysRevD.89.012001</subfield>
  </datafield>
  <datafield tag="035" ind1=" " ind2=" ">
    <subfield code="9">INSPIRETeX</subfield>
    <subfield code="a">Adamczyk:2013yvv</subfield>
  </datafield>
  <datafield tag="035" ind1=" " ind2=" ">
    <subfield code="9">arXiv</subfield>
    <subfield code="a">oai:arXiv.org:1309.1800</subfield>
  </datafield>
  <datafield tag="035" ind1=" " ind2=" ">
    <subfield code="9">DESY</subfield>
    <subfield code="z">DA13-kp51d</subfield>
  </datafield>
  <datafield tag="035" ind1=" " ind2=" ">
    <subfield code="9">OSTI</subfield>
    <subfield code="a">1132377</subfield>
  </datafield>
  <datafield tag="035" ind1=" " ind2=" ">
    <subfield code="a">in2p3-00860077</subfield>
    <subfield code="9">HAL</subfield>
  </datafield>
  <datafield tag="037" ind1=" " ind2=" ">
    <subfield code="9">arXiv</subfield>
    <subfield code="a">arXiv:1309.1800</subfield>
    <subfield code="c">nucl-ex</subfield>
  </datafield>
  <datafield tag="245" ind1=" " ind2=" ">
    <subfield code="a">Neutral pion cross section and spin asymmetries at intermediate pseudorapidity in polarized proton collisions at &lt; math display="inline" &gt; &lt; mrow &gt; &lt; msqrt &gt; &lt; mrow &gt; &lt; mi &gt; s &lt; /mi &gt; &lt; /mrow &gt; &lt; /msqrt &gt; &lt; mo $\ge$ &lt; /mo &gt; &lt; mn &gt; 200 &lt; /mn &gt; &lt; mtext &gt;   &lt; /mtext &gt; &lt; mtext &gt;   &lt; /mtext &gt; &lt; mi &gt; GeV &lt; /mi &gt; &lt; /mrow &gt; &lt; /math &gt;</subfield>
  </datafield>
  <datafield tag="710" ind1=" " ind2=" ">
    <subfield code="g">STAR</subfield>
  </datafield>
</record>